2124 2445
340 248 384 273 491

338 324 420 341 omnes
440 319 522 344 terras,
547 316 599 340 ideo
620 323 701 340 omnes
722 315 760 340 vel
779 315 899 346 plaudent,
923 315 961 339 vel
981 322 1035 339 oon-

338 348 428 372 eutient
450 348 476 371 in
500 351 566 371 tuum
590 347 721 371 interitum.
760 346 792 371 Et
815 346 871 370 dicit
894 346 984 377 iugiter,
1008 349 1035 370 ut

338 378 447 403 ostendat
468 378 604 402 diuturnam
625 378 699 402 fuisse
715 377 762 401 Dei
779 377 934 402 tolerantiam.
966 377 1036 401 Unde

338 410 410 433 etiam
430 412 528 440 apparet
551 409 626 439 magis
650 408 820 433 inexcusabiles
843 415 894 432 esse
915 408 1035 438 Assyrios,

338 440 400 471 quod
416 448 489 471 quum
506 440 572 464 Deus
587 440 739 470 indulgenter
755 440 811 470 ipsis
828 439 967 469 pepercerit,
988 446 1036 462 non

339 475 418 495 tamen
431 472 579 502 resipuerint,
592 470 633 495 sed
644 471 781 501 prosequuti
793 470 841 494 sint
854 470 935 493 eadem
948 469 1037 493 seelera

338 502 409 532 longa
429 505 561 532 temporum
582 502 649 526 serie.
685 502 765 531 Quum
788 509 844 532 ergo
866 501 896 524 ad
917 501 1036 524 licentiam

337 533 448 564 peeeandi
465 533 553 557 aceedit
569 533 623 557 talis
639 533 774 563 pertinacia,
796 532 887 556 tollitur
900 531 978 555 omnis
993 539 1035 555 ex-

338 564 433 588 eusatio-
465 564 498 588 Et
519 564 613 588 interim
637 563 748 588 admonet
771 563 887 594 propheta
907 562 1036 591 Israelitas‚

338 603 386 619 non
402 603 453 619 esse
469 602 511 618 cur
530 594 639 619 deficiant
660 595 753 623 animis,
778 594 885 624 quamvis
900 593 966 617 Deus
988 601 1036 616 non

338 626 418 650 statim
440 626 470 650 ad
491 633 590 656 poenam
613 625 751 650 sumendam
775 625 894 656 prosiliam
918 624 974 654 quia
994 631 1036 654 per

970 247 1007 272 IN
1023 247 1145 272 NAEUM

1728 248 1776 273 492

1073 315 1117 340 hoe
1128 315 1264 340 adverbium
1275 321 1333 341 ssnn
1349 316 1468 347 signifieat
1478 316 1556 341 Deum
1571 316 1624 340 ideo
1637 316 1667 340 ad
1680 318 1776 347 tempus

1073 346 1216 377 suspendere
1231 347 1343 371 iudicium
1359 354 1428 371 suum
1444 350 1526 372 eontra
1541 347 1657 376 Nineven,
1674 350 1700 371 ut
1716 347 1776 372 haee

1073 377 1187 408 patientia
1203 377 1240 402 vel
1257 385 1323 402 mora
1338 378 1369 402 sit
1384 378 1546 402 testimonium
1562 378 1674 402 bonitatis
1690 382 1714 402 et
1730 378 1777 402 ole-

1072 409 1175 432 mentiae
1191 408 1249 433 eius.
1279 409 1343 440 Ergo
1358 409 1466 433 videmus
1482 409 1521 434 hie
1537 409 1677 440 prophetam
1693 416 1776 433 oecur-

1073 447 1125 463 rere
1145 440 1232 464 fervori
1255 440 1391 469 hominum,
1415 441 1471 470 quia
1494 441 1576 464 statim
1599 439 1778 464 excandescunt

1074 470 1111 494 vel
1126 470 1239 499 fromunt,
1255 471 1275 495 si
1291 471 1357 495 Deus
1373 478 1420 494 non
1436 474 1515 495 sumat
1531 470 1661 495 vindictam
1677 471 1706 495 de
1722 471 1778 495 hos-

1074 501 1136 524 tibus
1155 501 1267 531 ipsorum.
1299 501 1410 526 Ostendit
1433 502 1518 526 iustam
1540 509 1591 526 esse
1611 509 1706 526 eausam
1723 502 1778 526 Deo

1073 539 1115 556 our
1130 540 1179 556 non
1195 533 1276 556 statim
1292 536 1436 563 exsequatur
1452 540 1539 563 peenas
1554 536 1636 557 eontra
1652 532 1778 563 reprobos:

1074 562 1115 587 sed
1131 566 1211 586 tamen
1226 566 1355 588 venturum
1372 567 1472 594 tempus,
1497 563 1536 588 ubi
1552 564 1688 594 apparuerit
1711 564 1779 594 ipsus

1074 601 1170 623 prorsus
1186 601 1237 618 esse
1251 594 1393 624 desperatos,
1410 598 1536 618 venturum
1549 594 1600 619 dieo
1613 598 1714 626 tempus,
1732 602 1781 625 quo

1074 624 1201 663 Dominus·
1209 625 1305 649 taudem
1320 628 1413 650 exseret
1429 633 1525 649 manum
1541 633 1616 650 suam.
